<?xml version="1.0" encoding="UTF-8"?><collection xmlns="http://www.loc.gov/MARC21/slim"><record><leader>00341nam--2200133-i-4500</leader><controlfield tag="001">000046280</controlfield><controlfield tag="002">20161230</controlfield><controlfield tag="005">20161230201045</controlfield><controlfield tag="008">060222s1000------------r-----000-0-eng-d</controlfield><datafield ind1=" " ind2=" " tag="080"><subfield code="a">301</subfield></datafield><datafield ind1=" " ind2=" " tag="100"><subfield code="a">Vela,Andrei</subfield></datafield><datafield ind1=" " ind2=" " tag="245"><subfield code="a">Civilizatie industriala in confruntare cu sine insasi</subfield></datafield><datafield ind1=" " ind2=" " tag="260"><subfield code="a">Bucuresti, Ed.Politica, 1986. 336 P</subfield></datafield><datafield ind1=" " ind2=" " tag="852"><subfield code="a">73422</subfield></datafield></record></collection>